<record><leader>00000cas a2200000 a 4500</leader><controlfield tag="001">42339459</controlfield><controlfield tag="007">hd afb021bucu</controlfield><controlfield tag="007">hd bfb021bubu</controlfield><controlfield tag="008">820405d19191935wauwr nea     0   a0eng c</controlfield><datafield ind1=" " ind2=" " tag="010"><subfield code="a">  2004252481</subfield></datafield><datafield ind1=" " ind2=" " tag="040"><subfield code="a">Wa</subfield><subfield code="b">eng</subfield><subfield code="c">WRJ</subfield><subfield code="d">OCL</subfield><subfield code="d">WAU</subfield><subfield code="d">OCLCQ</subfield><subfield code="d">OCLCF</subfield><subfield code="d">OCLCO</subfield></datafield><datafield ind1="1" ind2=" " tag="029"><subfield code="a">AU@</subfield><subfield code="b">000025638415</subfield></datafield><datafield ind1=" " ind2=" " tag="042"><subfield code="a">pcc</subfield></datafield><datafield ind1=" " ind2=" " tag="043"><subfield code="a">n-us-wa</subfield></datafield><datafield ind1="0" ind2=" " tag="082"><subfield code="a">071.9777</subfield><subfield code="2">19</subfield></datafield><datafield ind1="0" ind2="4" tag="245"><subfield code="a">The Kent advertiser-journal</subfield><subfield code="h">[microform].</subfield></datafield><datafield ind1=" " ind2=" " tag="260"><subfield code="a">Kent, Wash. :</subfield><subfield code="b">A.A. Risedorph,</subfield><subfield code="c">1919-</subfield></datafield><datafield ind1=" " ind2=" " tag="300"><subfield code="a">v. :</subfield><subfield code="b">ill.</subfield></datafield><datafield ind1=" " ind2=" " tag="310"><subfield code="a">Weekly</subfield></datafield><datafield ind1="0" ind2=" " tag="362"><subfield code="a">Vol. 40, no. 12 (Mar. 20, 1919)-</subfield></datafield><datafield ind1="1" ind2=" " tag="362"><subfield code="a">Ceased in 1935.</subfield></datafield><datafield ind1=" " ind2=" " tag="500"><subfield code="a">"Official paper for city of Kent and county of King."</subfield></datafield><datafield ind1=" " ind2=" " tag="580"><subfield code="a">Merged with: Kent Valley news, to become: Kent news-journal.</subfield></datafield><datafield ind1=" " ind2=" " tag="588"><subfield code="a">Latest issue consulted: Vol. 45, no. 51 (Dec. 20, 1934).</subfield></datafield><datafield ind1=" " ind2=" " tag="533"><subfield code="a">Microfilm.</subfield><subfield code="b">[Seattle, Wash.] :</subfield><subfield code="c">Filmed by University of Washington Library.</subfield><subfield code="e">9 microfilm reels ; 35 mm.</subfield><subfield code="n">Filmed with other titles.</subfield></datafield><datafield ind1=" " ind2="0" tag="651"><subfield code="a">Kent (Wash.)</subfield><subfield code="v">Periodicals.</subfield></datafield><datafield ind1=" " ind2="7" tag="655"><subfield code="a">Periodicals.</subfield><subfield code="2">fast</subfield><subfield code="0">(OCoLC)fst01411641</subfield></datafield><datafield ind1=" " ind2="7" tag="651"><subfield code="a">Washington (State)</subfield><subfield code="z">Kent.</subfield><subfield code="2">fast</subfield><subfield code="0">(OCoLC)fst01211661</subfield></datafield><datafield ind1=" " ind2=" " tag="752"><subfield code="a">United States</subfield><subfield code="b">Washington</subfield><subfield code="d">Kent.</subfield></datafield><datafield ind1="1" ind2=" " tag="776"><subfield code="c">Original</subfield><subfield code="w">(DLC)sn 87093340</subfield><subfield code="w">(OCoLC)17245601</subfield></datafield><datafield ind1="0" ind2="0" tag="780"><subfield code="t">Kent advertiser-journal and the Des Moines intercitian</subfield><subfield code="w">(DLC)  2004252480</subfield><subfield code="w">(OCoLC)42339431</subfield></datafield><datafield ind1="1" ind2="7" tag="785"><subfield code="t">Kent Valley news</subfield><subfield code="w">(DLC)  2004252482</subfield><subfield code="w">(OCoLC)42339395</subfield></datafield><datafield ind1="1" ind2="7" tag="785"><subfield code="t">Kent news-journal</subfield><subfield code="w">(DLC)  2004252483</subfield><subfield code="w">(OCoLC)42437922</subfield></datafield></record>